@inproceedings{Federici2015,
  author    = {Marco Federici and
               Williams Rizzi and
               Chiara Di Francescomarino and
               Marlon Dumas and
               Chiara Ghidini and
               Fabrizio Maria Maggi and
               Irene Teinemaa},
  title     = {A ProM Operational Support Provider for Predictive Monitoring of Business
               Processes},
  booktitle = {Proceedings of the {BPM} Demo Session 2015 Co-located with the 13th
               International Conference on Business Process Management {(BPM} 2015),
               Innsbruck, Austria, September 2, 2015.},
  pages     = {1--5},
  year      = {2015},
  crossref  = {DBLP:conf/bpm/2015d},
  url       = {http://ceur-ws.org/Vol-1418/paper1.pdf},
  timestamp = {Mon, 30 May 2016 16:28:38 +0200},
  biburl    = {http://dblp.uni-trier.de/rec/bib/conf/bpm/FedericiRFDGMT15},
  bibsource = {dblp computer science bibliography, http://dblp.org}
}
